<record><leader>00000cas a2200000 a 4500</leader><controlfield tag="001">8780472</controlfield><controlfield tag="008">820916d18261829ctuwr ne      0    0eng  </controlfield><datafield ind1=" " ind2=" " tag="010"><subfield code="a">sn 82014309 </subfield></datafield><datafield ind1=" " ind2=" " tag="040"><subfield code="a">DLC</subfield><subfield code="b">eng</subfield><subfield code="c">DLC</subfield><subfield code="d">NPV</subfield><subfield code="d">NPX</subfield><subfield code="d">NPV</subfield><subfield code="d">DLC</subfield><subfield code="d">YOX</subfield><subfield code="d">CNW</subfield><subfield code="d">DLC</subfield><subfield code="d">NVK</subfield><subfield code="d">CNW</subfield><subfield code="d">OCL</subfield><subfield code="d">CUI</subfield><subfield code="d">OCLCQ</subfield><subfield code="d">OCLCF</subfield></datafield><datafield ind1="1" ind2=" " tag="029"><subfield code="a">AU@</subfield><subfield code="b">000020129839</subfield></datafield><datafield ind1=" " ind2=" " tag="042"><subfield code="a">pcc</subfield></datafield><datafield ind1=" " ind2=" " tag="043"><subfield code="a">n-us-ct</subfield></datafield><datafield ind1="0" ind2="0" tag="050"><subfield code="a">Newspaper 7225-X</subfield></datafield><datafield ind1=" " ind2="4" tag="050"><subfield code="a">AN</subfield></datafield><datafield ind1="0" ind2="4" tag="245"><subfield code="a">The Litchfield County post.</subfield></datafield><datafield ind1="3" ind2="0" tag="246"><subfield code="a">County post</subfield></datafield><datafield ind1=" " ind2=" " tag="260"><subfield code="a">Litchfield, Conn. :</subfield><subfield code="b">S.S. Smith,</subfield><subfield code="c">1826-1829.</subfield></datafield><datafield ind1=" " ind2=" " tag="300"><subfield code="a">3 v. ;</subfield><subfield code="c">68 cm.</subfield></datafield><datafield ind1=" " ind2=" " tag="310"><subfield code="a">Weekly</subfield></datafield><datafield ind1="0" ind2=" " tag="362"><subfield code="a">Vol. 1, no. 1 (June 20, 1826)-v. 3, no. 32 (Jan. 22, 1829).</subfield></datafield><datafield ind1=" " ind2=" " tag="500"><subfield code="a">Published as: County post, Nov. 20, 1828.</subfield></datafield><datafield ind1=" " ind2=" " tag="500"><subfield code="a">Publisher: D.C. M'Cleary, 1828-1829.</subfield></datafield><datafield ind1=" " ind2=" " tag="500"><subfield code="a">Proprietor: Joshua Garritt, 1828-1829.</subfield></datafield><datafield ind1=" " ind2=" " tag="500"><subfield code="a">Editors: S.S. Smith, 1826-1828; D.C. M'Cleary, 1828-1829.</subfield></datafield><datafield ind1=" " ind2=" " tag="515"><subfield code="a">Issues for June 21, 1827-Jan. 22, 1829 also called: Whole no. 53-136.</subfield></datafield><datafield ind1=" " ind2=" " tag="530"><subfield code="a">Available on microfilm from New England Micrographics, Marlboro, Mass.</subfield></datafield><datafield ind1=" " ind2="0" tag="651"><subfield code="a">Litchfield (Conn.)</subfield><subfield code="v">Newspapers.</subfield></datafield><datafield ind1=" " ind2="0" tag="651"><subfield code="a">Litchfield County (Conn.)</subfield><subfield code="v">Newspapers.</subfield></datafield><datafield ind1=" " ind2="7" tag="655"><subfield code="a">Newspapers.</subfield><subfield code="2">fast</subfield><subfield code="0">(OCoLC)fst01423814</subfield></datafield><datafield ind1=" " ind2="7" tag="651"><subfield code="a">Connecticut</subfield><subfield code="z">Litchfield.</subfield><subfield code="2">fast</subfield><subfield code="0">(OCoLC)fst01224866</subfield></datafield><datafield ind1=" " ind2="7" tag="651"><subfield code="a">Connecticut</subfield><subfield code="z">Litchfield County.</subfield><subfield code="2">fast</subfield><subfield code="0">(OCoLC)fst01211989</subfield></datafield><datafield ind1="1" ind2=" " tag="700"><subfield code="a">Smith, S. S.</subfield><subfield code="q">(Stephen Stanford),</subfield><subfield code="d">1797-1873.</subfield></datafield><datafield ind1="1" ind2=" " tag="700"><subfield code="a">M'Cleary, D. C.</subfield></datafield><datafield ind1=" " ind2=" " tag="752"><subfield code="a">United States</subfield><subfield code="b">Connecticut</subfield><subfield code="c">Litchfield</subfield><subfield code="d">Litchfield.</subfield></datafield><datafield ind1="0" ind2="8" tag="776"><subfield code="i">Online version:</subfield><subfield code="t">Litchfield County post</subfield><subfield code="w">(OCoLC)192107371</subfield></datafield><datafield ind1="0" ind2="0" tag="785"><subfield code="t">Litchfield enquirer</subfield><subfield code="w">(DLC)sn 84020071</subfield><subfield code="w">(OCoLC)10316028</subfield></datafield></record>